<record><leader>00000cas a22000007a 4500</leader><controlfield tag="001">16348332</controlfield><controlfield tag="008">870731d19421uuuwiuwr ne      0    0eng d</controlfield><datafield ind1=" " ind2=" " tag="010"><subfield code="a">sn 87082828 </subfield></datafield><datafield ind1=" " ind2=" " tag="040"><subfield code="a">NPV</subfield><subfield code="b">eng</subfield><subfield code="c">NPV</subfield><subfield code="d">OCLCQ</subfield></datafield><datafield ind1=" " ind2=" " tag="042"><subfield code="a">msc</subfield></datafield><datafield ind1="0" ind2="0" tag="245"><subfield code="a">Fort bargains.</subfield></datafield><datafield ind1=" " ind2=" " tag="260"><subfield code="a">Fort Atkinson, Wis. :</subfield><subfield code="b">[W.D. Hoard &amp; Sons]</subfield></datafield><datafield ind1=" " ind2=" " tag="300"><subfield code="a">v.</subfield></datafield><datafield ind1=" " ind2=" " tag="310"><subfield code="a">Weekly</subfield></datafield><datafield ind1="1" ind2=" " tag="362"><subfield code="a">Began in 1942?</subfield></datafield><datafield ind1=" " ind2=" " tag="500"><subfield code="a">"Published by the Jefferson County Union."</subfield></datafield><datafield ind1=" " ind2=" " tag="588"><subfield code="a">Description based on: Vol. 1, no. 11 (Oct. 20, 1942).</subfield></datafield><datafield ind1=" " ind2=" " tag="752"><subfield code="a">United States</subfield><subfield code="b">Wisconsin</subfield><subfield code="c">Jefferson</subfield><subfield code="d">Fort Atkinson.</subfield></datafield></record>